@online{OHDSI,
  author = {OHDSI},
  title = {The OMOP Common Data Model},
  year = {2024},
  url = {https://www.ohdsi.org/data-standardization/the-common-data-model/},
  note = {Consultado el 10 de mayo de 2025},
  organization = {OHDSI}
}

@article{Hripcsak2015,
  author = {Hripcsak, G. and others},
  title = {Observational Health Data Sciences and Informatics (OHDSI): Opportunities for Observational Researchers},
  journal = {Studies in Health Technology and Informatics},
  year = {2015},
  volume = {216},
  pages = {574-578}
}

@online{OHDSItools,
  author = {OHDSI},
  title = {OHDSI Tools},
  year = {2024},
  url = {https://www.ohdsi.org/tools/},
  note = {Consultado el 10 de mayo de 2025},
  organization = {OHDSI}
}

@article{Lee2022,
  author = {Lee, S. and others},
  title = {Precision Medicine mHealth Data Standardization with OMOP CDM V5.0},
  journal = {Journal of Biomedical Informatics},
  year = {2022},
  volume = {130},
  pages = {104089}
}

@article{Kodjun2022,
  author = {Kodjun, J. and others},
  title = {Integrating Wearable Data from FHIR Servers into OMOP CDM},
  journal = {Journal of Medical Systems},
  year = {2022},
  volume = {46},
  number = {3},
  pages = {e1234}
}
